@ARTICLE{fggt,
author={Marina Spivak and Shravan K. Veerapaneni and Leslie Greengard},
title={The fast generalized {G}auss transform}, 
journal = {Xxxx},
year={2010},
}

@ARTICLE{kim05,
author={Junmo Kim and Fisher, J.W., III and Yezzi, A. and Cetin, M. and Willsky, A.S.},
journal={Image Processing, IEEE Transactions on},
title={A nonparametric statistical method for image segmentation using information theory and curve evolution},
year={2005},
month={oct. },
volume={14},
number={10},
pages={1486 -1502},
}

@article{tausch07,
 author = {Tausch, Johannes},
 title = {A fast method for solving the heat equation by layer potentials},
 journal = {Journal of Computational Physics},
 volume = {224},
 number = {2},
 year = {2007},
 pages = {956--969},
 }


@article{broadie03,
 author = {Mark Broadie and Yusaku Yamamoto},
 title = {Application of the Fast {G}auss Transform to Option Pricing},
 journal = {Management Science},
 volume = {49},
 number = {8},
 year = {2003},
 issn = {0025-1909},
 pages = {1071--1088},
 }

@article{elgammal03,
 author = {Ahmed Elgammal and Ramani Duraiswami and Larry S. Davis},
 title = {Efficient Kernel Density Estimation Using the Fast {G}auss Transform with Applications to Color Modeling and Tracking},
 journal = {IEEE Transactions on Pattern Analysis and Machine Intelligence},
 volume = {25},
 number = {11},
 year = {2003},
 issn = {0162-8828},
 pages = {1499--1504},
 publisher = {IEEE Computer Society},
 address = {Washington, DC, USA},
 }

@article{duraiswami03,
 author = {Changjiang Yang and Ramani Duraiswami and Nail Gumerov and Larry S. Davis},
 title = {Improved Fast {G}auss Transform and Efficient Kernel Density Estimation },
 journal = {Proceedings of Ninth IEEE International Conference on Computer Vision},
 volume = {},
 number = {},
 year = {2003},
 issn = {},
 pages = {664--671},
 publisher = {},
 address = {},
 }

@article{skv09,
 author = {Shravan K. Veerapaneni and George Biros},
 title = {Arbitrary-order accurate schemes for computing boundary
heat potentials},
 journal = { Xxxxx, preprint},
 year = {2009},
}

@article{li09,
 author = {Jing-Rebecca Li and Leslie Greengard},
 title = {High order accurate methods for the evaluation of layer heat potentials},
 journal = {SIAM Journal on Scientific Computing},
 volume = {31},
 number = {5},
 year = {2009},
 pages = {3847--3860},
}

@article{li07,
 author = {Jing-Rebecca Li and Leslie Greengard},
 title = {On the numerical solution of the heat equation I: Fast
solvers in free space},
 journal = {Journal of Computational Physics},
 volume = {226},
 number = {2},
 year = {2007},
 pages = {1891--1901},
}

@article{greengard98,
 author = {Leslie Greengard and Xiaobai Sun},
 title = {A new version of the fast {G}auss transform},
 journal = { Documenta Mathematica},
 volume = {III},
 year = {1998},
 pages = {575--584},

}

@BOOK{Crank,
  AUTHOR       = "John Crank",
  TITLE        = "Free and Moving Boundary Problems",
  PUBLISHER    = "Oxford University Press",
  YEAR         = 1984,
  ADDRESS      = "New York"
}

@BOOK{davisrabinowitz,
  AUTHOR       = "P. J. Davis and P. Rabinowitz",
  TITLE        = "Methods of Numerical Integration",
  PUBLISHER    = "Academic Press",
  YEAR         = 1984,
  ADDRESS      = "San Diego"
}

@article{veerapaneni07,
 author = {Shravan K. Veerapaneni and George Biros},
 title = {A High-Order Solver for the Heat Equation in 1D domains with Moving Boundaries},
 journal = {SIAM Journal on Scientific Computing},
 volume = {29},
 number = {6},
 year = {2007},
 pages = {2581--2606},
}

@article{veerapaneni08,
 author = {Shravan K. Veerapaneni and George Biros},
 title = {The {C}hebyshev fast {G}auss and nonuniform fast Fourier transforms and their application to the evaluation of distributed heat potentials},
 journal = {Journal of Computational Physics},
 volume = {227},
 issue = {16},
 year = {2008},
pages = {7768-7790},
}


@ARTICLE{greengard00,
  AUTHOR =       {L. Greengard and P. Lin},
  TITLE =        {Spectral Approximation of the Free--space Heat Kernel},
  JOURNAL =      {Applied and Computational Harmonic Analysis},
  YEAR =         {2000},
  volume =       {9},
  pages =        {83-97},
 }


@article{huang06,
 author = "J. Huang and M.-C. Lai and Y. Xiang",
 title = {An integral equation method for epitaxial step-flow growth simulations},
 journal = {Journal of Computational Physics},
 volume = {216},
 number = {2},
 year = {2006},
 issn = {0021-9991},
 pages = {724--743},
 }


@BOOK{kress99,
  title = {Linear Integral Equations},
  publisher = {Springer},
  year = {1999},
  author = {R. Kress},
  series = {Applied Mathematical Sciences}
}

@BOOK{guentherlee,
  title = {Partial Differential Equations of Mathematical Physics and 
Integral Equations},
  publisher = {Prentice-Hall},
  year = {1988},
  author = {R. B. Guenther and J. W. Lee},
  series = {}
}

@BOOK{wrobel,
  title = {Boundary Element Techniques},
  publisher = {Springer},
  year = {1984},
  author = {C. A. Brebbia and J. C. F. Telles and L. C. Wrobel},
}


@ARTICLE{strain92,
  AUTHOR =       {J. Strain},
  TITLE =        {Fast potential theory. {II}. {L}ayer potentials and discrete sums},
  JOURNAL =      {Journal of Computational Physics},
  YEAR =         {1992},
  volume =       {99},
  pages =        {251-270},
}

@ARTICLE{dargushbanerjee,
  AUTHOR =       {G.~F. Dargush and P.~K. Banerjee},
  TITLE =        {Application of the boundary element method to transient heat conduction},
  JOURNAL =      {International Journal of Numerical Methods in Engineering},
  YEAR =         {1991},
  volume =       {31},
  pages =        {1231-1247},
}

@ARTICLE{greengard90,
  AUTHOR =       "L. Greengard and J. Strain ",
  TITLE =        "A Fast Algorithm for the Evaluation of Heat Potentials",
  JOURNAL =      "Communications on Pure and Applied Mathematics",
  YEAR =         "1990",
  volume =       "XLIII",
  pages =        "949-963",
}

@ARTICLE{fgt,
  AUTHOR =       {L. Greengard and J. Strain},
  TITLE =        {The Fast {G}auss Transform},
  JOURNAL =      {SIAM Journal on Scientific and Statistical Computing},
  YEAR =         {1991},
  volume =       {12},
  number =       {1},
  pages =        {79-94},
 }


@ARTICLE{fast-adaptive,
  AUTHOR =       "J. Strain",
  TITLE =        "Fast Adaptive Methods for the Free--Space Heat Equation",
  JOURNAL =      "SIAM Journal on Scientific Computing",
  YEAR =         "1994",
  volume =       "15",
  number =       "1",
  pages =        "185-206",

}
  AUTHOR =       "C. W. Clenshaw and A. R. Curtis",
  TITLE =        "A Method for Numerical Integration on an Automatic Computer",
  JOURNAL =      "Numerische Mathematik",
  YEAR =         "1960",
  volume =       "2",
  pages =        "197-205",
}

@Article{brattkus92,
  author = {K. Brattkus and D. I. Meiron},
  title = {Numerical simulations of unsteady crystal-growth},
  journal = {SIAM Journal On Applied Mathematics},
  volume = {52},
  pages = {1303--1320},
  year = {1992},
}
